@inproceedings{Battjes1978,
   author = {J. A. Battjes and J.P.F.M. Janssen},
   doi = {https://doi.org/10.1061/9780872621909.034},
   issn = {00306177},
   journal = {16th International Conference on Coastal Engineering},
   pages = {569-587},
   title = {Energy Loss and Wave Set-Up Due To Breaking of Random Waves},
   year = {1978},
}

@article{Madsen_Poon_Graber_1988, 
    title={Spectral Wave Attenuation By Bottom Friction: Theory},
    volume={1}, 
    url={https://icce-ojs-tamu.tdl.org/icce/article/view/4241}, DOI={10.9753/icce.v21.34},
    number={21}, journal={Coastal Engineering Proceedings}, 
    author={Madsen, Ole Secher and Poon, Ying-Keung and Graber, Hans C.}, 
    year={1988},
    month={Jan.},
    pages={34}}

@article{Smith2011,
title = {Introduction of a new friction routine into the {SWAN} model that evaluates roughness due to bedform and sediment size changes},
journal = {Coastal Engineering},
volume = {58},
number = {4},
pages = {317-326},
year = {2011},
issn = {0378-3839},
doi = {https://doi.org/10.1016/j.coastaleng.2010.11.006},
url = {https://www.sciencedirect.com/science/article/pii/S037838391000164X},
author = {Grant Alexander Smith and Alexander V. Babanin and Peter Riedel and I.R. Young and Stephen Oliver and Graeme Hubbert},
keywords = {Finite depth waves, Bottom friction, Roughness, Ripples, Lake George, Lakes Entrance},
}

@article{Suzuki2011,
title = "Wave dissipation by vegetation with layer schematization in {SWAN}",
keywords = "CWTS JFIS >= 2.00",
author = "T Suzuki and M Zijlema and B Burger and MC Meijer and S Narayan",
note = "Dit artikel staat in een uitgave van 2012",
year = "2011",
doi = "10.1016/j.coastaleng.2011.07.006",
language = "English",
volume = "59",
pages = "64--71",
journal = "Coastal Engineering",
issn = "0378-3839",
publisher = "Elsevier",
number = "1"
}

@article{Warner2010,
title = {Development of a Coupled Ocean–Atmosphere–Wave–Sediment Transport {(COAWST)} Modeling System},
journal = {Ocean Modelling},
volume = {35},
number = {3},
pages = {230-244},
year = {2010},
issn = {1463-5003},
doi = {https://doi.org/10.1016/j.ocemod.2010.07.010},
url = {https://www.sciencedirect.com/science/article/pii/S1463500310001113},
author = {John C. Warner and Brandy Armstrong and Ruoying He and Joseph B. Zambon},
keywords = {Coupled models, ROMS, SWAN, WRF, Sediment transport}
}

@article{Hersbach2019,
   author = {Hans Hersbach and Bill Bell and Paul Berrisford and András Horányi and Joaquín Muñoz Sabater and Julien Nicolas and Raluca Radu and Dinand Schepers and Adrian Simmons and Cornel Soci and Dick Dee},
   doi = {10.21957/vf291hehd7},
   journal = {ECMWF Newsletter},
   pages = {17-24},
   title = {Global reanalysis: goodbye {ERA-Interim}, hello
{ERA5}},
   volume = {159},
   url = {https://climate.copernicus.eu/monthly-maps-and-charts},
   year = {2019},
}

@article {Egbert2002,
      author = "Gary D.  Egbert and Svetlana Y.  Erofeeva",
      title = "Efficient Inverse Modeling of Barotropic Ocean Tides",
      journal = "Journal of Atmospheric and Oceanic Technology",
      year = "2002",
      publisher = "American Meteorological Society",
      address = "Boston MA, USA",
      volume = "19",
      number = "2",
      doi = "10.1175/1520-0426(2002)019<0183:EIMOBO>2.0.CO;2",
      pages=      "183 - 204",
      url = "https://journals.ametsoc.org/view/journals/atot/19/2/1520-0426_2002_019_0183_eimobo_2_0_co_2.xml"
}

@article{Beudin2017,
title = {Development of a coupled wave-flow-vegetation interaction model},
journal = {Computers & Geosciences},
volume = {100},
pages = {76-86},
year = {2017},
issn = {0098-3004},
doi = {https://doi.org/10.1016/j.cageo.2016.12.010},
url = {https://www.sciencedirect.com/science/article/pii/S0098300416308184},
author = {Alexis Beudin and Tarandeep S. Kalra and Neil K. Ganju and John C. Warner},
keywords = {Flexible aquatic vegetation, Coastal hydrodynamics, Numerical modeling},
}